<?xml version="1.0"?>
<marc:records xmlns:marc="http://www.loc.gov/MARC21/slim" xmlns:xsi="http://www.w3.org/2001/XMLSchema-instance" xsi:schemaLocation="http://www.loc.gov/MARC21/slim http://www.loc.gov/standards/marcxml/schema/MARC21slim.xsd">
  <marc:record>
    <marc:leader>07322ctmaa2200661Ia 4500</marc:leader>
    <marc:controlfield tag="001">9961969083503681</marc:controlfield>
    <marc:controlfield tag="005">20200227134844.0</marc:controlfield>
    <marc:controlfield tag="008">140507q18301940mr            000 0 ara d</marc:controlfield>
    <marc:datafield ind1=" " ind2=" " tag="035">
  <marc:subfield code="a">(OCoLC)ocn879325629</marc:subfield>
</marc:datafield>
    <marc:datafield ind1=" " ind2=" " tag="035">
  <marc:subfield code="a">(PUVoyagerBIBID)6196908</marc:subfield>
</marc:datafield>
    <marc:datafield ind1=" " ind2=" " tag="035">
  <marc:subfield code="a">6196908</marc:subfield>
</marc:datafield>
    <marc:datafield ind1=" " ind2=" " tag="035">
  <marc:subfield code="a">(OCoLC)879325629</marc:subfield>
</marc:datafield>
    <marc:datafield ind1=" " ind2=" " tag="035">
  <marc:subfield code="a">(PU)6196908-penndb-Voyager</marc:subfield>
</marc:datafield>
    <marc:datafield ind1=" " ind2=" " tag="040">
  <marc:subfield code="a">PAU</marc:subfield>
  <marc:subfield code="b">eng</marc:subfield>
  <marc:subfield code="c">PAU</marc:subfield>
  <marc:subfield code="e">dacs</marc:subfield>
</marc:datafield>
    <marc:datafield ind1=" " ind2=" " tag="049">
  <marc:subfield code="a">PAUU</marc:subfield>
</marc:datafield>
    <marc:datafield ind1=" " ind2=" " tag="079">
  <marc:subfield code="a">ocn879325628</marc:subfield>
</marc:datafield>
    <marc:datafield ind1=" " ind2="9" tag="099">
  <marc:subfield code="a">Ms. Coll. 960</marc:subfield>
</marc:datafield>
    <marc:datafield ind1="1" ind2=" " tag="100">
  <marc:subfield code="6">880-01</marc:subfield>
  <marc:subfield code="a">S&#x323;ubunri&#x304;, Mahdi&#x304; ibn &#x2BB;Ali&#x304;,</marc:subfield>
  <marc:subfield code="d">-approximately 1412 or 1413.</marc:subfield>
</marc:datafield>
    <marc:datafield ind1="1" ind2="0" tag="240">
  <marc:subfield code="6">880-02</marc:subfield>
  <marc:subfield code="a">Rah&#x323;mah fi&#x304; al-t&#x323;ibb wa-al-h&#x323;ikmah</marc:subfield>
</marc:datafield>
    <marc:datafield ind1="1" ind2="0" tag="245">
  <marc:subfield code="6">880-03</marc:subfield>
  <marc:subfield code="a">Kita&#x304;b al-Rah&#x323;mah fi&#x304; al-t&#x323;ibb wa-al-h&#x323;ikmah,</marc:subfield>
  <marc:subfield code="f">between 1830 and 1940.</marc:subfield>
</marc:datafield>
    <marc:datafield ind1=" " ind2=" " tag="300">
  <marc:subfield code="a">1</marc:subfield>
  <marc:subfield code="f">volume (86 leaves) :</marc:subfield>
  <marc:subfield code="b">paper ;</marc:subfield>
  <marc:subfield code="c">202 x 140 mm.</marc:subfield>
</marc:datafield>
    <marc:datafield ind1=" " ind2=" " tag="500">
  <marc:subfield code="a">Probably written in Morocco, in Maghribi script by a single hand; catchwords.</marc:subfield>
</marc:datafield>
    <marc:datafield ind1=" " ind2=" " tag="500">
  <marc:subfield code="a">First work written in orange, red, and blue ink as well as black; significant words and phrases in red in the rest of the manuscript.</marc:subfield>
</marc:datafield>
    <marc:datafield ind1=" " ind2=" " tag="500">
  <marc:subfield code="a">Modern leather binding (Type 3).</marc:subfield>
</marc:datafield>
    <marc:datafield ind1="0" ind2="0" tag="505">
  <marc:subfield code="6">880-04</marc:subfield>
  <marc:subfield code="t">Kita&#x304;b al-Rah&#x323;mah fi&#x304; al-t&#x323;ibb wa-al-h&#x323;ikmah --</marc:subfield>
  <marc:subfield code="t">Qas&#x323;i&#x304;dah &#x2BB;ala&#x301; al-t&#x323;ibb --</marc:subfield>
  <marc:subfield code="t">Qa&#x304;la Masi&#x304;h&#x323; ibn al-H&#x323;aki&#x304;m, i&#x2BB;talla Ami&#x304;r al-Mu&#x2BC;mini&#x304;n Ha&#x304;ru&#x304;n al-Rashi&#x304;d --</marc:subfield>
  <marc:subfield code="t">Kala&#x304;m &#x2BB;ala&#x301; al-t&#x323;aba&#x304;yi&#x2BB; al-arba&#x2BB;ah al-murakkabah fi&#x304; al-insa&#x304;n --</marc:subfield>
  <marc:subfield code="t">Dawa&#x304;&#x2BC; lil-h&#x323;ikkah wa-al-sawda&#x304;&#x2BC; wa-al-na&#x304;r al-fa&#x304;risi&#x304;yah wa-li-jami&#x304;&#x2BB; ma&#x304; yakhruju min lah&#x323;m Bani&#x304; Adam --</marc:subfield>
  <marc:subfield code="t">&#x2BB;Ila&#x304;j al-tas&#x323;ri&#x304;f alladhi&#x304; yatawalladu fi&#x304; al-&#x2BB;unuq yuqa&#x304;lu la-hu al-mabsu&#x304;t&#x323; --</marc:subfield>
  <marc:subfield code="t">Tafsi&#x304;r al-a&#x2BB;sha&#x304;b al-qarh&#x323;a&#x304;&#x2BC;.</marc:subfield>
</marc:datafield>
    <marc:datafield ind1="4" ind2=" " tag="510">
  <marc:subfield code="a">Listed in the Fez Lithographs Collection Handlist,</marc:subfield>
  <marc:subfield code="c">H. 115.</marc:subfield>
</marc:datafield>
    <marc:datafield ind1=" " ind2=" " tag="520">
  <marc:subfield code="a">Collection of seven medical works, mostly treatises but also including a qas&#x323;i&#x304;dah describing medical treatments (Work 2) and a work presented as a historical account concerning medical treatments (Work 3).  The first work is an herbal by al-Mahdi&#x304; ibn &#x2BB;Ali&#x304; al-S&#x323;ubunri&#x304; (whose name is recorded in the text as al-Mahdi&#x304; Muh&#x323;ammad ibn Ibra&#x304;hi&#x304;m al-S&#x323;anbari&#x304;), which comprises nearly half the manuscript; the other works are unattributed.  All works collated except the third.</marc:subfield>
</marc:datafield>
    <marc:datafield ind1=" " ind2=" " tag="524">
  <marc:subfield code="a">UPenn Ms. Coll. 960, Item 6.</marc:subfield>
</marc:datafield>
    <marc:datafield ind1=" " ind2=" " tag="546">
  <marc:subfield code="a">In Arabic.</marc:subfield>
</marc:datafield>
    <marc:datafield ind1="1" ind2=" " tag="561">
  <marc:subfield code="a">Sold as part of the Fez Lithographs Collection by Fawzi Abdulrazak (Cambridge, Massachusetts), 2013.</marc:subfield>
</marc:datafield>
    <marc:datafield ind1=" " ind2=" " tag="590">
  <marc:subfield code="a">Acquired for the Penn Libraries with assistance from the Allan G. Chester and Florence K. Chester Fund.</marc:subfield>
</marc:datafield>
    <marc:datafield ind1=" " ind2="0" tag="650">
  <marc:subfield code="a">Medicine.</marc:subfield>
</marc:datafield>
    <marc:datafield ind1=" " ind2="0" tag="650">
  <marc:subfield code="a">Medicine, Arab.</marc:subfield>
</marc:datafield>
    <marc:datafield ind1=" " ind2="0" tag="650">
  <marc:subfield code="a">Medicine, Magic, mystic, and spagiric.</marc:subfield>
</marc:datafield>
    <marc:datafield ind1=" " ind2="7" tag="655">
  <marc:subfield code="a">Codices (bound manuscripts)</marc:subfield>
  <marc:subfield code="2">aat</marc:subfield>
</marc:datafield>
    <marc:datafield ind1=" " ind2="7" tag="655">
  <marc:subfield code="a">Treatises.</marc:subfield>
  <marc:subfield code="2">aat</marc:subfield>
</marc:datafield>
    <marc:datafield ind1=" " ind2="7" tag="655">
  <marc:subfield code="a">Herbals.</marc:subfield>
  <marc:subfield code="2">aat</marc:subfield>
</marc:datafield>
    <marc:datafield ind1=" " ind2="0" tag="655">
  <marc:subfield code="a">Manuscripts, Arabic</marc:subfield>
  <marc:subfield code="y">19th century.</marc:subfield>
</marc:datafield>
    <marc:datafield ind1=" " ind2="0" tag="655">
  <marc:subfield code="a">Manuscripts, Arabic</marc:subfield>
  <marc:subfield code="y">20th century.</marc:subfield>
</marc:datafield>
    <marc:datafield ind1=" " ind2="0" tag="655">
  <marc:subfield code="a">Manuscripts</marc:subfield>
  <marc:subfield code="z">Morocco</marc:subfield>
  <marc:subfield code="y">19th century.</marc:subfield>
</marc:datafield>
    <marc:datafield ind1=" " ind2="0" tag="655">
  <marc:subfield code="a">Manuscripts</marc:subfield>
  <marc:subfield code="z">Morocco</marc:subfield>
  <marc:subfield code="y">20th century.</marc:subfield>
</marc:datafield>
    <marc:datafield ind1="1" ind2=" " tag="700">
  <marc:subfield code="a">Abdulrazak, Fawzi,</marc:subfield>
  <marc:subfield code="e">former owner.</marc:subfield>
</marc:datafield>
    <marc:datafield ind1="2" ind2=" " tag="710">
  <marc:subfield code="a">Fez Lithographs Collection (University of Pennsylvania)</marc:subfield>
</marc:datafield>
    <marc:datafield ind1="2" ind2=" " tag="710">
  <marc:subfield code="a">Allan G. Chester and Florence K. Chester Fund.</marc:subfield>
  <marc:subfield code="5">PU</marc:subfield>
</marc:datafield>
    <marc:datafield ind1="3" ind2=" " tag="740">
  <marc:subfield code="6">880-05</marc:subfield>
  <marc:subfield code="a">al-Kala&#x304;m &#x2BB;ala&#x301; al-t&#x323;aba&#x304;&#x2BC;i&#x2BB; al-arba&#x2BB;ah al-murakkabah fi&#x304; al-insa&#x304;n.</marc:subfield>
</marc:datafield>
    <marc:datafield ind1="0" ind2=" " tag="773">
  <marc:subfield code="t">Collection of Fez Manuscripts.</marc:subfield>
  <marc:subfield code="g">Item 6</marc:subfield>
</marc:datafield>
    <marc:datafield ind1="0" ind2="0" tag="773">
  <marc:subfield code="t">Allan G. Chester and Florence K. Chester Fund.</marc:subfield>
</marc:datafield>
    <marc:datafield ind1=" " ind2=" " tag="852">
  <marc:subfield code="b">Kislak Center for Special Collections, Rare Books and Manuscripts</marc:subfield>
  <marc:subfield code="a">University of Pennsylvania</marc:subfield>
  <marc:subfield code="e">3420 Walnut Street, Philadelphia, Pennsylvania 19104-6206.</marc:subfield>
  <marc:subfield code="j">Ms. Coll. 960</marc:subfield>
</marc:datafield>
    <marc:datafield ind1="4" ind2="1" tag="856">
  <marc:subfield code="z">Facsimile</marc:subfield>
  <marc:subfield code="u">http://hdl.library.upenn.edu/1017/d/medren/6196908</marc:subfield>
</marc:datafield>
    <marc:datafield ind1="4" ind2="1" tag="856">
  <marc:subfield code="z">Digital facsimile in OPenn</marc:subfield>
  <marc:subfield code="u">http://openn.library.upenn.edu/Data/0002/html/mscoll960_item6.html</marc:subfield>
</marc:datafield>
    <marc:datafield ind1="4" ind2="2" tag="856">
  <marc:subfield code="3">The Allan G. Chester and Florence K. Chester Fund Home Page</marc:subfield>
  <marc:subfield code="u">http://hdl.library.upenn.edu/1017.12/366196</marc:subfield>
</marc:datafield>
    <marc:datafield ind1="1" ind2=" " tag="880">
  <marc:subfield code="6">100-01/r</marc:subfield>
  <marc:subfield code="a">&#x635;&#x628;&#x646;&#x631;&#x64A;&#x60C; &#x645;&#x647;&#x62F;&#x64A; &#x628;&#x646; &#x639;&#x644;&#x64A;&#x60C;</marc:subfield>
  <marc:subfield code="d">-&#x646;&#x62D;&#x648; 1412 &#x623;&#x648; 1413.</marc:subfield>
</marc:datafield>
    <marc:datafield ind1="1" ind2="0" tag="880">
  <marc:subfield code="6">240-02/r</marc:subfield>
  <marc:subfield code="a">&#x631;&#x62D;&#x645;&#x629; &#x641;&#x64A; &#x627;&#x644;&#x637;&#x628; &#x648;&#x627;&#x644;&#x62D;&#x643;&#x645;&#x629;</marc:subfield>
</marc:datafield>
    <marc:datafield ind1="1" ind2="0" tag="880">
  <marc:subfield code="6">245-03/r</marc:subfield>
  <marc:subfield code="a">&#x643;&#x62A;&#x627;&#x628; &#x627;&#x644;&#x631;&#x62D;&#x645;&#x629; &#x641;&#x64A; &#x627;&#x644;&#x637;&#x628; &#x648;&#x627;&#x644;&#x62D;&#x643;&#x645;&#x629;&#x60C;</marc:subfield>
  <marc:subfield code="f">&#x628;&#x64A;&#x646; 1830 &#x648;1940.</marc:subfield>
</marc:datafield>
    <marc:datafield ind1="0" ind2="0" tag="880">
  <marc:subfield code="6">505-04/r</marc:subfield>
  <marc:subfield code="t">&#x643;&#x62A;&#x627;&#x628; &#x627;&#x644;&#x631;&#x62D;&#x645;&#x629; &#x641;&#x64A; &#x627;&#x644;&#x637;&#x628; &#x648;&#x627;&#x644;&#x62D;&#x643;&#x645;&#x629; --</marc:subfield>
  <marc:subfield code="t">&#x642;&#x635;&#x64A;&#x62F;&#x629; &#x639;&#x644;&#x649; &#x627;&#x644;&#x637;&#x628; --</marc:subfield>
  <marc:subfield code="t">&#x642;&#x627;&#x644; &#x645;&#x633;&#x64A;&#x62D; &#x627;&#x628;&#x646; &#x627;&#x644;&#x62D;&#x643;&#x64A;&#x645;&#x60C; &#x627;&#x639;&#x62A;&#x644; &#x627;&#x645;&#x64A;&#x631; &#x627;&#x644;&#x645;&#x624;&#x645;&#x646;&#x64A;&#x646; &#x647;&#x627;&#x631;&#x648;&#x646; &#x627;&#x644;&#x631;&#x634;&#x64A;&#x62F; --</marc:subfield>
  <marc:subfield code="t">&#x643;&#x644;&#x627;&#x645; &#x639;&#x644;&#x649; &#x627;&#x644;&#x637;&#x628;&#x627;&#x64A;&#x639; &#x627;&#x644;&#x627;&#x631;&#x628;&#x639;&#x629; &#x627;&#x644;&#x645;&#x631;&#x643;&#x628;&#x629; &#x641;&#x64A; &#x627;&#x644;&#x627;&#x646;&#x633;&#x627;&#x646; --</marc:subfield>
  <marc:subfield code="t">&#x62F;&#x648;&#x627;&#x621; &#x644;&#x644;&#x62D;&#x643;&#x629; &#x648;&#x627;&#x644;&#x633;&#x648;&#x62F;&#x627;&#x621; &#x648;&#x627;&#x644;&#x646;&#x627;&#x631; &#x627;&#x644;&#x641;&#x627;&#x631;&#x633;&#x64A;&#x629; &#x648;&#x644;&#x62C;&#x645;&#x64A;&#x639; &#x645;&#x627; &#x64A;&#x62E;&#x631;&#x62C; &#x645;&#x646; &#x644;&#x62D;&#x645; &#x628;&#x646;&#x64A; &#x627;&#x62F;&#x645; --</marc:subfield>
  <marc:subfield code="t">&#x639;&#x644;&#x627;&#x62C; &#x627;&#x644;&#x62A;&#x635;&#x631;&#x64A;&#x641; &#x627;&#x644;&#x630;&#x64A; &#x64A;&#x62A;&#x648;&#x644;&#x62F; &#x641;&#x64A; &#x627;&#x644;&#x639;&#x646;&#x642; &#x64A;&#x642;&#x627;&#x644; &#x644;&#x647; &#x627;&#x644;&#x645;&#x628;&#x633;&#x648;&#x637; --</marc:subfield>
  <marc:subfield code="t">&#x62A;&#x641;&#x633;&#x64A;&#x631; &#x627;&#x644;&#x627;&#x639;&#x634;&#x627;&#x628; &#x627;&#x644;&#x642;&#x631;&#x62D;&#x627;&#x621;.</marc:subfield>
</marc:datafield>
    <marc:datafield ind1="2" ind2=" " tag="880">
  <marc:subfield code="6">740-05/r</marc:subfield>
  <marc:subfield code="a">&#x627;&#x644;&#x643;&#x644;&#x627;&#x645; &#x639;&#x644;&#x649; &#x627;&#x644;&#x637;&#x628;&#x627;&#x626;&#x639; &#x627;&#x644;&#x623;&#x631;&#x628;&#x639;&#x629; &#x627;&#x644;&#x645;&#x631;&#x643;&#x628;&#x629; &#x641;&#x64A; &#x627;&#x644;&#x625;&#x646;&#x633;&#x627;&#x646;.</marc:subfield>
</marc:datafield>
    <marc:datafield ind1=" " ind2=" " tag="994">
  <marc:subfield code="a">C0</marc:subfield>
  <marc:subfield code="b">PAU</marc:subfield>
</marc:datafield>
    <marc:datafield ind1=" " ind2=" " tag="996">
  <marc:subfield code="a">hinge-right</marc:subfield>
</marc:datafield>
    <marc:datafield ind1=" " ind2=" " tag="999">
  <marc:subfield code="a">DLA</marc:subfield>
  <marc:subfield code="b">20161019</marc:subfield>
</marc:datafield>
    <marc:holdings>
      <marc:holding>
        <marc:holding_id>22317747810003681</marc:holding_id>
        <marc:call_number>Ms. Coll. 960</marc:call_number>
        <marc:library>KislakCntr</marc:library>
        <marc:location>scmss</marc:location>
      </marc:holding>
    </marc:holdings>
  </marc:record>
</marc:records>
